<record><leader>00000cas a22000007a 4500</leader><controlfield tag="001">33926018</controlfield><controlfield tag="008">951214d1926194uncuwr ne      0    0eng d</controlfield><datafield ind1=" " ind2=" " tag="010"><subfield code="a">sn 95072333 </subfield></datafield><datafield ind1=" " ind2=" " tag="040"><subfield code="a">NVJ</subfield><subfield code="b">eng</subfield><subfield code="c">NVJ</subfield><subfield code="d">OCLCQ</subfield></datafield><datafield ind1=" " ind2=" " tag="042"><subfield code="a">msc</subfield></datafield><datafield ind1="0" ind2=" " tag="130"><subfield code="a">Avery advocate (Elk Park, N.C.)</subfield></datafield><datafield ind1="1" ind2="4" tag="245"><subfield code="a">The Avery advocate.</subfield></datafield><datafield ind1=" " ind2=" " tag="260"><subfield code="a">Elk Park, N.C. :</subfield><subfield code="b">Mrs. Frank A. Carr</subfield></datafield><datafield ind1=" " ind2=" " tag="300"><subfield code="a">v.</subfield></datafield><datafield ind1=" " ind2=" " tag="310"><subfield code="a">Weekly</subfield></datafield><datafield ind1="1" ind2=" " tag="362"><subfield code="a">Began in 1926.</subfield></datafield><datafield ind1=" " ind2=" " tag="500"><subfield code="a">Published in Newland, N.C., May 15, 1930-&lt;Dec. 30, 1937&gt;.</subfield></datafield><datafield ind1=" " ind2=" " tag="515"><subfield code="a">Numbering is erratic.</subfield></datafield><datafield ind1=" " ind2=" " tag="515"><subfield code="a">Numbering begins again with Vol. 1, no. 1 on Aug. 25, 1927.</subfield></datafield><datafield ind1=" " ind2=" " tag="588"><subfield code="a">Description based on: Vol. 2, no. 1 (Jan. 5, 1927).</subfield></datafield><datafield ind1=" " ind2=" " tag="752"><subfield code="a">United States</subfield><subfield code="b">North Carolina</subfield><subfield code="c">Avery</subfield><subfield code="d">Newland.</subfield></datafield><datafield ind1=" " ind2=" " tag="752"><subfield code="a">United States</subfield><subfield code="b">North Carolina</subfield><subfield code="c">Avery</subfield><subfield code="d">Elk Park.</subfield></datafield><datafield ind1="0" ind2="7" tag="785"><subfield code="t">Avery herald</subfield><subfield code="w">(DLC)sn 95072334</subfield></datafield><datafield ind1="0" ind2="7" tag="785"><subfield code="t">Avery scenic press</subfield><subfield code="w">(DLC)sn 95072335</subfield></datafield></record>